01REMESSA01COBRANCA       1234512345678000000EMPRESA TESTE LTDA            237BRADESCO       190126               000005                                                                                                                                                                                                                                                                                  000001
11234512345678000000123456789010601CT001     1512202400000001500002370000001N190120260000000000000025015122024000000000000000000000000000000000007500JOAO DA SILVA            RUA DAS FLORES, 123, CENTRO - SAO PAULO             01234567                                                            000000                                                                              000002                
11234512345678000000123456789020601CT002     2012202400000002300502370000001N190120260000000000000037520122024000000000000000000000000000000000011500MARIA SANTOS OLIVEIRA    AVENIDA PAULISTA, 1000, BELA VISTA - SA             01310100                                                            000000                                                                              000003                
11234512345678000000123456789030601CT003     2512202400000000850252370000001N190120260000000000000012525122024000000000000000000000000000000000004250PEDRO COSTA              RUA DOS JARDINS, 456, JARDIM AMERICA -              20040020                                                            000000                                                                              000004                
11234512345678000000123456789040601CT004     0501202500000003200002370000001N190120260000000000000050005012025000000000000000000000000000000000016000ANA PAULA FERREIRA       RUA DAS ACACIAS, 789, VILA NOVA - BELO              30130100                                                            000000                                                                              000005                
11234512345678000000123456789050601CT005     1001202500000001750752370000001N190120260000000000000029010012025000000000000000000000000000000000008750CARLOS ALBERTO MENDES    AVENIDA ATLANTICA, 2000, COPACABANA - R             22021000                                                            000000                                                                              000006                
9                                                                                                                                                                                                                                                                                                                                                                                                         000007
